<?xml version="1.0" encoding="UTF-8"?><collection xmlns="http://www.loc.gov/MARC21/slim"><record><leader>00329nam--2200109-i-4500</leader><controlfield tag="001">000026797</controlfield><controlfield tag="002">20161230</controlfield><controlfield tag="005">20161230201036</controlfield><controlfield tag="008">060222s1000------------r-----000-0-eng-d</controlfield><datafield ind1=" " ind2=" " tag="080"><subfield code="a">14717</subfield></datafield><datafield ind1=" " ind2=" " tag="245"><subfield code="a">Klingelnberg technisches hilfsbuch. 14.auffl. herausgegeben von f.pohn und r.reindl</subfield></datafield><datafield ind1=" " ind2=" " tag="260"><subfield code="a">Berlin, Springer Verlag, 1960, Xvi + 878p</subfield></datafield></record></collection>